<record><leader>00000cas a22000007a 4500</leader><controlfield tag="001">15048877</controlfield><controlfield tag="008">870109d18751897msuwr ne      0    0eng d</controlfield><datafield ind1=" " ind2=" " tag="010"><subfield code="a">sn 87065045 </subfield></datafield><datafield ind1=" " ind2=" " tag="040"><subfield code="a">MJA</subfield><subfield code="b">eng</subfield><subfield code="c">MJA</subfield><subfield code="d">MSJ</subfield><subfield code="d">MGN</subfield><subfield code="d">OCLCQ</subfield></datafield><datafield ind1=" " ind2=" " tag="042"><subfield code="a">msc</subfield></datafield><datafield ind1="0" ind2="4" tag="245"><subfield code="a">The Sub-soiler and Democrat.</subfield></datafield><datafield ind1=" " ind2=" " tag="260"><subfield code="a">Corinth, Miss. :</subfield><subfield code="b">S.G. Barr</subfield></datafield><datafield ind1=" " ind2=" " tag="310"><subfield code="a">Weekly</subfield></datafield><datafield ind1="1" ind2=" " tag="362"><subfield code="a">Began in 1875.</subfield></datafield><datafield ind1="0" ind2=" " tag="362"><subfield code="a">-v. 25, no. 2 (Mar. 18, 1897).</subfield></datafield><datafield ind1=" " ind2=" " tag="588"><subfield code="a">Description based on: Vol. 10, no. 1 (Mar. 24, 1882).</subfield></datafield><datafield ind1=" " ind2=" " tag="752"><subfield code="a">United States</subfield><subfield code="b">Mississippi</subfield><subfield code="c">Alcorn</subfield><subfield code="d">Corinth.</subfield></datafield><datafield ind1="0" ind2="4" tag="780"><subfield code="t">Sub-soiler</subfield><subfield code="w">(DLC)sn 95068571</subfield></datafield><datafield ind1="0" ind2="4" tag="780"><subfield code="t">Conservative Democrat</subfield></datafield><datafield ind1="0" ind2="0" tag="785"><subfield code="t">Alcorn Democrat</subfield><subfield code="w">(DLC)sn 87065040</subfield><subfield code="w">(OCoLC)15048776</subfield></datafield><datafield ind1="1" ind2=" " tag="029"><subfield code="a">AU@</subfield><subfield code="b">000025787010</subfield></datafield></record>